<?xml version="1.0" encoding="UTF-8"?><record xmlns="http://www.loc.gov/MARC21/slim" xmlns:cinclude="http://apache.org/cocoon/include/1.0" xmlns:zs="http://www.loc.gov/zing/srw/">
  <leader>00341cz  a2200121n  4500</leader>
  <controlfield tag="001">n 2012067908</controlfield>
  <controlfield tag="003">DLC</controlfield>
  <controlfield tag="005">20121020075141.0</controlfield>
  <controlfield tag="008">121019n| acannaabn          |n aaa      </controlfield>
  <datafield tag="010" ind1=" " ind2=" ">
    <subfield code="a">n 2012067908</subfield>
  </datafield>
  <datafield tag="040" ind1=" " ind2=" ">
    <subfield code="a">DLC</subfield>
    <subfield code="b">eng</subfield>
    <subfield code="c">DLC</subfield>
  </datafield>
  <datafield tag="100" ind1="1" ind2=" ">
    <subfield code="a">Kletzker, Rebecca</subfield>
  </datafield>
  <datafield tag="670" ind1=" " ind2=" ">
    <subfield code="a">Sylvester, M. New music for banjo [SR] p2009:</subfield>
    <subfield code="b">container (Rebecca Kletzker, viola)</subfield>
  </datafield>
</record>